<?xml version="1.0" encoding="UTF-8"?><collection xmlns="http://www.loc.gov/MARC21/slim"><record><leader>00511nam--2200157-u-4500</leader><controlfield tag="001">000050837</controlfield><controlfield tag="002">20161230</controlfield><controlfield tag="005">20161230201048</controlfield><controlfield tag="008">080414s1000------------r-----000-0-eng-d</controlfield><datafield ind1=" " ind2=" " tag="040"><subfield code="a">IFIN-HH</subfield></datafield><datafield ind1="1" ind2=" " tag="100"><subfield code="a">Aleksandrova,P.S</subfield></datafield><datafield ind1="1" ind2="0" tag="245"><subfield code="a">Trudy Vsecoyuznoi Konferentii po Uravneniyam s Chasstnymi Proizvodnymi. Posvyashchennoi 75-letiyu so dlya Rozhdeniya Akademika I.G.Petrovskogo</subfield></datafield><datafield ind1=" " ind2=" " tag="260"><subfield code="a">Moskva</subfield><subfield code="b">Izdatelstvo Moskovskogo Universiteta</subfield><subfield code="c">1978</subfield></datafield><datafield ind1=" " ind2=" " tag="300"><subfield code="a">510 p</subfield></datafield><datafield ind1=" " ind2=" " tag="852"><subfield code="c">51</subfield></datafield><datafield ind1=" " ind2=" " tag="CAT"><subfield code="a">Sys</subfield><subfield code="c">20080414</subfield><subfield code="h">104402</subfield></datafield></record></collection>